@book{book:Navodila,
author = {Koler, Povh, T. and Turk, G.},
title = {Navodila za oblikovanje visokošolskih del na fakulteti za tradbeništvo in geodezijo in navajanje virov},
publisher = {UL FGG},
year = {2016},
url = {https://www.fgg.uni-lj.si/diplomske-naloge-in-magistrska-dela/},
note = {(Pridobljeno 6. 10. 2024.)}
}

@misc{web:BibMan,
key={wikibooks},
title={LaTeX/Bibliography Management},
note = {\href{https://en.wikibooks.org/wiki/LaTeX/Bibliography_Management}
{https://en.wikibooks.org/wiki/LaTeX/Bibliography\_Management} (Pridobljeno 6. 10. 2024.)}
}

@misc{web:Overleaf,
key={Overleaf},
title={Overleaf - Documentation},
note = {\href{https://www.overleaf.com/learn}
{https://www.overleaf.com/learn} (Pridobljeno 6. 10. 2024.)}
}